
@BOOK{openmp,
        title = {The OpenMP API specification for parallel programming [Электронный ресурс]},
        publisher = {URL: http://openmp.org/wp},
        year = {Дата обращения: 23.05.2013},
        language = {russian}
}

@BOOK{mpi-forum,
        title = {Message Passing Interface Forum [Электронный ресурс]},
        publisher = {URL: http://www.mpi-forum.org},
        year = {Дата обращения: 23.05.2013},
        language = {russian}
}

@BOOK{openmpi,
        title = {Open MPI: Open Source High Performance Computing [Электронный ресурс]},
        publisher = {URL: http://www.open-mpi.org},
        year = {Дата обращения: 23.05.2013},
        language = {russian}
}

@BOOK{erlang,
        title = {Erlang. Programming Language [Электронный ресурс]},
        publisher = {URL: http://www.erlang.org},
        year = {Дата обращения: 25.05.2013},
        language = {russian}
}

@BOOK{erlang-doc,
        title = {Документация к языку программирования Erlang [Электронный ресурс]},
        publisher = {URL: http://www.erlang.org/doc/},
        year = {Дата обращения: 25.05.2013},
        language = {russian}
}

@BOOK{erlang-rsdn,
        title = {Начала работы с Erlang [Электронный ресурс]},
        publisher = {URL: http://www.rsdn.ru/article/erlang/GettingStartedWithErlang.xml},
        year = {Дата обращения: 25.05.2013},
        language = {russian}
}

@BOOK{khronos,
        title = {The Khronos Group Inc. [Электронный ресурс]},
        publisher = {URL: http://www.khronos.org},
        year = {Дата обращения: 31.05.2013},
        language = {russian}
}

@BOOK{opencl,
        title = {OpenCL - The open standard for parallel programming of heterogeneous systems [Электронный ресурс]},
        publisher = {URL: http://www.khronos.org/opencl/},
        year = {Дата обращения: 31.05.2013},
        language = {russian}
}

@BOOK{code,
        title = {TODO google code [Электронный ресурс]},
        publisher = {URL: http://TODO},
        year = {Дата обращения: 31.05.2013},
        language = {russian}
}

