
/*

@BOOK{
		Osovskiy,
		author = {\relax{Осовский С.}},
		title = {Нейронные сети для обработки информации: Пер. с польского},
		publisher = {Финансы и статистика},
		address = {М.},
		year = {2002},
		language = "russian"
	}

@INPROCEEDINGS{
		expert,
		author = {\relax{Лычко Н.С.}},
		title = {Исследование нейросетевого метода в обнаружении атак},
		booktitle = {Труды научно-технической конференции <<Современные научные достижения>>},
		address = {Прага},
		publisher = {Publishing house Education and Science s.r.o.},
		year = {2009},
		language = "russian"
	}

@BOOK{google-maps,
        title = {Google Maps [Электронный ресурс]},
        publisher = {URL: http://maps.google.ru/maps},
        year = {Дата обращения: 23.02.2011},
        language = {russian}
}

*/

